@misc{scala,
  title = {Scala Language},
  howpublished = {\url{https://scala-lang.org/}}
}

@misc{sbt,
  title = {Scala Build Tool},
  howpublished = {\url{https://www.scala-sbt.org/}}
}

@misc{akka,
  title = {Akka},
  howpublished = {\url{https://akka.io/}}
}

@misc{mongodb,
  title = {MongoDB},
  howpublished = {\url{https://www.mongodb.com/}}
}

@misc{docker,
  title = {Docker},
  howpublished = {\url{https://www.docker.com/}}
}

@misc{nodejs,
  title = {Node.js},
  howpublished = {\url{https://nodejs.org/en/}}
}

@misc{npm,
  title = {NPM},
  howpublished = {\url{https://www.npmjs.com/}}
}

@misc{gitlab,
  title = {GitLab},
  howpublished = {\url{https://about.gitlab.com/}}
}

@misc{azurefunctions,
  title = {Azure Functions},
  howpublished = {\url{https://learn.microsoft.com/en-us/azure/azure-functions/}}
}

@misc{microsoftazure,
  title = {Microsoft Azure},
  howpublished = {\url{https://azure.microsoft.com/}}
}

@misc{scalatest,
  title = {ScalaTest},
  howpublished = {\url{https://www.scalatest.org/}}
}

@misc{postman,
  title = {Postman},
  howpublished = {\url{https://www.postman.com/}}
}

@misc{upickle,
  title = {Upickle},
  howpublished = {\url{https://github.com/com-lihaoyi/upickle}}
}
