@misc{Snap4City,
  title        = {Snap4City: Smart aNalytic APp builder for sentient Cities and IOT},
  howpublished = {\url{https://www.snap4city.org/}}
}
@misc{DISIT,
  title        = {DISIT Lab Universit√† di Firenze},
  howpublished = {\url{https://www.disit.org/}}
}